@Book{weiskopf_2006:1,
author = {Daniel Weiskopf},
title = {GPU-Based Interactive Visualization Techniques},
publisher = {Springer},
year = {2006}
}
